<record xmlns="http://www.loc.gov/MARC21/slim" xmlns:xsi="http://www.w3.org/2001/XMLSchema-instance" xsi:schemaLocation="http://www.loc.gov/MARC21/slim http://www.loc.gov/standards/marcxml/schema/MARC21slim.xsd"><leader>01851cz   2200277n  4500</leader><controlfield tag="001">oca01209126 </controlfield><controlfield tag="005">19920915064550.1</controlfield><controlfield tag="008">841018n| acannaab|          |a aaa      </controlfield><datafield ind1=" " ind2=" " tag="010"><subfield code="a">n  84160046 </subfield></datafield><datafield ind1=" " ind2=" " tag="040"><subfield code="a">DLC</subfield><subfield code="c">DLC</subfield><subfield code="d">DLC</subfield><subfield code="d">NjP</subfield></datafield><datafield ind1="0" ind2=" " tag="100"><subfield code="a">Longinus,</subfield><subfield code="d">1st cent.</subfield></datafield><datafield ind1="0" ind2=" " tag="400"><subfield code="a">Longinos,</subfield><subfield code="d">1st cent.</subfield></datafield><datafield ind1="0" ind2=" " tag="400"><subfield code="a">Pseudo-Longinos,</subfield><subfield code="d">1st cent.</subfield></datafield><datafield ind1="0" ind2=" " tag="400"><subfield code="a">Pseudo-Longinus,</subfield><subfield code="d">1st cent.</subfield></datafield><datafield ind1="0" ind2=" " tag="400"><subfield code="a">Longino,</subfield><subfield code="d">1st cent.</subfield></datafield><datafield ind1="0" ind2=" " tag="400"><subfield code="a">Pseudo Longino,</subfield><subfield code="d">1st cent.</subfield></datafield><datafield ind1="0" ind2=" " tag="400"><subfield code="a">Dionisio Longino,</subfield><subfield code="d">1st cent.</subfield></datafield><datafield ind1="1" ind2=" " tag="400"><subfield code="a">Longino, Dionisio,</subfield><subfield code="d">1st cent.</subfield></datafield><datafield ind1=" " ind2=" " tag="670"><subfield code="a">His On the sublime, 1984:</subfield><subfield code="b">CIP t.p. (Longinus)</subfield></datafield><datafield ind1=" " ind2=" " tag="670"><subfield code="a">Pauly-Wissowa:</subfield><subfield code="b">subheading under "Longinos," the neoplatonist philosopher of 3d cent. (Pseudo-Longinos, author of On the sublime, who cannot possibly be correctly identified with any known real Longinus)</subfield></datafield><datafield ind1=" " ind2=" " tag="670"><subfield code="a">Oxford classical dict.</subfield><subfield code="b">(Longinus, Ps.-Longinus; name commonly assigned to the unknown author of On the sublime, owing to its long but mistaken association with Cassius Longinus; was probably a first-century rhetor (fl. A.D. 890?))</subfield></datafield><datafield ind1=" " ind2=" " tag="670"><subfield code="a">Encyc. Britannica, micropaedia</subfield><subfield code="b">(Longinus; fl. early 1st cent. A.D.; name sometimes assigned to the author of On the sublime)</subfield></datafield><datafield ind1=" " ind2=" " tag="670"><subfield code="a">Grant, M. Greek &amp; Latin authors, 1980</subfield><subfield code="b">(Longinus; name traditionally assigned to the Greek literary critic who wrote the treatise On the sublime (Peri hupsous); incorrectly identified as Dionysius Longinus, Dionysius of Halicarnassus, or Cassius Longinus, ca. 213-273; the author lived in the earlier part of the 1st cent. A.D.)</subfield></datafield><datafield ind1=" " ind2=" " tag="670"><subfield code="a">Papyros Larous</subfield><subfield code="b">(under the name Longinos passes the work Peri hypsous [On the sublime], a work of the first part of the 1st cent.; not by Kassios Longinos)</subfield></datafield><datafield ind1=" " ind2=" " tag="670"><subfield code="a">Da Longino a Longino, 1987:</subfield><subfield code="b">p. 7 (Pseudo Longino)</subfield></datafield><datafield ind1=" " ind2=" " tag="670"><subfield code="a">His Del sublime, c1991:</subfield><subfield code="b">t.p. (Dionisio Longino)</subfield></datafield></record>